<record><leader>00000cas a22000007a 4500</leader><controlfield tag="001">13460320</controlfield><controlfield tag="008">860421d19161916nvuwr ne      0    0eng d</controlfield><datafield ind1=" " ind2=" " tag="010"><subfield code="a">sn 86076060 </subfield></datafield><datafield ind1=" " ind2=" " tag="040"><subfield code="a">NNX</subfield><subfield code="b">eng</subfield><subfield code="c">NNX</subfield><subfield code="d">UNP</subfield><subfield code="d">NNX</subfield><subfield code="d">OCLCQ</subfield></datafield><datafield ind1=" " ind2=" " tag="042"><subfield code="a">msc</subfield></datafield><datafield ind1=" " ind2="4" tag="050"><subfield code="a">AN2.N3</subfield><subfield code="b">N48</subfield></datafield><datafield ind1="0" ind2="4" tag="245"><subfield code="a">The Nevadan.</subfield></datafield><datafield ind1=" " ind2=" " tag="260"><subfield code="a">Reno, Nev. :</subfield><subfield code="b">[s.n.],</subfield><subfield code="c">1916.</subfield></datafield><datafield ind1=" " ind2=" " tag="300"><subfield code="a">1 v. :</subfield><subfield code="b">ill.</subfield></datafield><datafield ind1=" " ind2=" " tag="310"><subfield code="a">Weekly</subfield></datafield><datafield ind1="0" ind2=" " tag="362"><subfield code="a">Vol. 1, no. 1 (Oct. 17, 1916)-v. 1, no. 3 (Oct. 31, 1916).</subfield></datafield><datafield ind1=" " ind2=" " tag="752"><subfield code="a">United States</subfield><subfield code="b">Nevada</subfield><subfield code="c">Washoe</subfield><subfield code="d">Reno.</subfield></datafield></record>